@article{Hu_Shing,
    author = {Hu, TC; Shing, MT},
    title =  "Computation of Matrix Chain Products, Part I",
    journal = "SIAM Journal on Computing",
    volume = "11",
    number = "2",
    pages = "362â€“-373",
    year = "1982",
    DOI = "https://doi.org/10.1137/2F0211028",
    keywords = "matrix_chain"
}
